<?xml version="1.0" encoding="UTF-8"?><collection xmlns="http://www.loc.gov/MARC21/slim"><record><leader>00390nam--2200145-i-4500</leader><controlfield tag="001">000048747</controlfield><controlfield tag="002">20161230</controlfield><controlfield tag="005">20161230201047</controlfield><controlfield tag="008">060222s1000------------r-----000-0-eng-d</controlfield><datafield ind1=" " ind2=" " tag="080"><subfield code="a">517.5</subfield></datafield><datafield ind1=" " ind2=" " tag="100"><subfield code="a">Agrest,M.M.,Maksimov,M.Z</subfield></datafield><datafield ind1=" " ind2=" " tag="245"><subfield code="a">Teoriia hepolyh cilindricheeskih funkcii i ih prilozheniia</subfield></datafield><datafield ind1=" " ind2=" " tag="260"><subfield code="a">Moskva, 1965. 305 S</subfield></datafield><datafield ind1=" " ind2=" " tag="852"><subfield code="a">22156</subfield><subfield code="c">517.5</subfield></datafield><datafield ind1=" " ind2=" " tag="CAT"><subfield code="a">Sys</subfield><subfield code="c">20080801</subfield><subfield code="h">104541</subfield></datafield></record></collection>